
%% This BibTeX bibliography file was created using BibDesk.
%% https://bibdesk.sourceforge.io/

%% Created for Vittorio Bassi at 2021-01-27 18:25:00 -0800 


%% Saved with string encoding Unicode (UTF-8) 


@article{kwon2025inputinaccuracy,
  author    = {Kwon, Caleb and Moreno, Antonio and Raman, Ananth},
  title     = {The Impact of Input Inaccuracy on Leveraging AI Tools: Evidence from Algorithmic Labor Scheduling},
  journal   = {SSRN: 4602747},
  year      = {2025}
}


@incollection{retailAIScheduling2025,
  author    = {Ananth Raman and Caleb Kwon},
  title     = {Retail Labor Scheduling and the Potential Role of AI},
  booktitle = {AI in Supply Chains: Perspectives from Global Thought Leaders},
  editor    = {Maxime Cohen and Tinglong Dai},
  publisher = {Springer},
  year      = {2025},
  series    = {Springer Series in Supply Chain Management},
  note      = {Series Editor: Chris Tang}
}










@article{lambert_2008,
	author = {Susan J. Lambert},
	journal = {Human Relations},
	number = {9},
	pages = {1203-1227},
	title = {Passing the buck: Labor flexibility practices that transfer risk onto hourly workers},
	volume = {61},
	year = {2008}}




@article{lambert_predictability,
	author = {Susan J. Lambert and Julia R. Henly and Michael Schoeny and Meghan Jarpe},
	journal = {Work and Occupations},
	number = {2},
	pages = {176-226},
	title = {Increasing Schedule Predictability in Hourly Jobs: Results From a Randomized Experiment in a U.S. Retail Firm},
	volume = {46},
	year = {2019}}









	

	





@article{kalleberg2009precarious,
author = {Arne L. Kalleberg},
title ={Precarious Work, Insecure Workers: Employment Relations in Transition},

journal = {American Sociological Review},
volume = {74},
number = {1},
pages = {1-22},
year = {2009}}

@article{Maestas2023ValueOfWorkingConditions,
  title={The Value of Working Conditions in the United States and the Implications for the Structure of Wages},
  author={Nicole Maestas and Kathleen J. Mullen and David Powell and Till von Wachter and Jeffrey B. Wenger},
  journal={American Economic Review},
  volume={113},
  number={7},
  pages={2007--2047},
  year={2023},
  month={July}
}





@incollection{bound2001measurement,
  title={Measurement error in survey data},
  author={Bound, John and Brown, Charles and Mathiowetz, Nancy},
  booktitle={Handbook of Econometrics},
  volume={5},
  pages={3705--3843},
  year={2001},
  publisher={Elsevier},
  chapter={59}
}


@article{schneider2019consequences,
author = {Daniel Schneider and Kristen Harknett},
title ={Consequences of Routine Work-Schedule Instability for Worker Health and Well-Being},

journal = {American Sociological Review},
volume = {84},
number = {1},
pages = {82-114},
year = {2019}}



    


@article{du_scheduling,
author = {Lu, Guanyi and Du, Rex Yuxing and Peng, Xiaosong (David)},
title = {The Impact of Schedule Consistency on Shift Worker Productivity: An Empirical Investigation},
journal = {Manufacturing \& Service Operations Management},
volume = {24},
number = {5},
pages = {2780-2796},
year = {2022}}





@article{wiswall2018preference,
    title={Preference for the Workplace, Investment in Human Capital, and Gender},
    author={Wiswall, Matthew and Zafar, Basit},
    journal={The Quarterly Journal of Economics},
    volume={133},
    number={1},
    pages={457--507},
    year={2018}
}

@article{goldin2014grand,
    title={A Grand Gender Convergence: Its Last Chapter},
    author={Goldin, Claudia},
    journal={American Economic Review},
    volume={104},
    number={4},
    pages={1091--1119},
    year={2014},
    publisher={American Economic Association}
}

@book{goldin2021career,
    title={Career and Family: Women's Century-Long Journey toward Equity},
    author={Goldin, Claudia},
    year={2021},
    publisher={Princeton University Press}
}

@article{goldin2011cost,
    title={The Cost of Workplace Flexibility for High-Powered Professionals},
    author={Goldin, Claudia and Katz, Lawrence F},
    journal={The Annals of the American Academy of Political and Social Science},
    volume={638},
    number={1},
    pages={45--67},
    year={2011},
    publisher={Sage Publications}
}

@article{goldin2016most,
    title={A Most Egalitarian Profession: Pharmacy and the Evolution of a Family-Friendly Occupation},
    author={Goldin, Claudia and Katz, Lawrence F},
    journal={Journal of Labor Economics},
    volume={34},
    number={3},
    pages={705--746},
    year={2016},
    publisher={University of Chicago Press}
}

@article{goldin2024parental,
    title={The Parental Pay Gap over the Life Cycle: Children, Jobs, and Labor Supply},
    author={Goldin, Claudia and Kerr, Sari P and Olivetti, Claudia},
    journal={Journal of Economic Dynamics and Control},
    year={2024},
    publisher={Elsevier}
}

@article{bolotnyy2022why,
    title={Why Do Women Earn Less than Men? {Evidence} from Bus and Train Operators},
    author={Bolotnyy, Valentin and Emanuel, Natalia},
    journal={Journal of Labor Economics},
    volume={40},
    number={2},
    pages={237--268},
    year={2022},
    publisher={University of Chicago Press}
}





    
    















@article {andrews_2019,
	title = {Weak Instruments in IV Regression: Theory and Practice},
	journal = {Annual Review of Economics},
	volume = {11},
	year = {2019},
	month = {2019},
	pages = {727-753},
	author = {Isaiah Andrews and James Stock and Liyang Sun}
}

@article {saez_2019,
	title = {Believing in Analytics: Managers’ Adherence to Price
Recommendations from a DSS},
	journal = {Working Paper},
	year = {2019},
	author = {Felipe Caro and S\'{a}ez de Tejada Cuenca, Anna}
}








@article{kwon2024employee,
    title = {Employee Time-Off Request Management in Retail Stores},
    author = {Kwon, Caleb},
    year = {2024},
    journal = {Working Paper},

}

@article{kwon_hci,
    title = {Human-Algorithm Interactions in Labor Scheduling Decisions},
    author = {Caleb Kwon and Ananth Raman and Jorge Tamayo},
    year = {2024},
    journal = {Working Paper},

}







@article{kesavan_traffic,
author = {Perdikaki, Olga and Kesavan, Saravanan and Swaminathan, Jayashankar M.},
title = {Effect of Traffic on Sales and Conversion Rates of Retail Stores},
journal = {Manufacturing \& Service Operations Management},
volume = {14},
number = {1},
pages = {145-162},
year = {2012},
doi = {10.1287/msom.1110.0356}}


@article{netessine_traffic, 
author = {Netessine, Serguei and Fisher, Marshall and Krishnan, Jayanth},
title = {Labor Planning, Execution, and Retail Store Performance: An Exploratory Investigation},
journal = {Working Paper},
year = {2010},
doi = {10.1287/msom.1110.0356}}






@article{call_of_duty_2021,
author = {Kamalahmadi, Masoud and Yu, Qiuping and Zhou, Yong-Pin},
title = {Call to Duty: Just-in-Time Scheduling in a Restaurant Chain},
journal = {Management Science},
volume = {67},
number = {11},
pages = {6751-6781},
year = {2021},
doi = {10.1287/mnsc.2020.3877}}

@article{kwon_late, 
author = {Caleb Kwon and Ananth Raman},
title = {The Effect of Lateness and Absenteeism on Store Performance},
journal = {Working Paper},
year = {2022}}









    


















@article{yelowitz_2022,
 author = {Aaron Yelowitz},
 journal = {Working Paper},
 title = {Predictive Scheduling Laws Do Not Promote Full-Time Work},
 year ={2022}
}

@article{Lu2017DoMandatory,
  title={Do Mandatory Overtime Laws Improve Quality? Staffing Decisions and Operational Flexibility of Nursing Homes},
  author={Lu, Susan Feng and Lu, Lauren Xiaoyuan},
  journal={Management Science},
  volume={63},
  number={11},
  year={2017},
  publisher={INFORMS}
}


@article{mas2020alternative,
  title={Alternative work arrangements},
  author={Mas, Alexandre and Pallais, Amanda},
  journal={Annual Review of Economics},
  volume={12},
  pages={631--658},
  year={2020},
  publisher={Annual Reviews}
}

@article{mas2017valuing,
  title={Valuing alternative work arrangements},
  author={Mas, Alexandre and Pallais, Amanda},
  journal={American Economic Review},
  volume={107},
  number={12},
  pages={3722--3759},
  year={2017},
  publisher={American Economic Association 2014 Broadway, Suite 305, Nashville, TN 37203}
}

@article{Asadpour2022MinimumEarnings,
  title={Minimum Earnings Regulation and the Stability of Marketplaces},
  author={Asadpour, Arash and Lobel, Ilan and van Ryzin, Garrett},
  journal={Manufacturing \& Service Operations Management},
  volume={25},
  number={1},
  year={2022}
}




@article{KwonWu2021Disclosure,
  title={Disclosure-Driven Social Engagement in Supply Chains},
  author={Kwon, Caleb and Wu, Di (Andrew)},
  year={2021},
  journal = {Working Paper}
}



@article{seattle_pp,
author = {Kristen Harknett  and Daniel Schneider  and Véronique Irwin },
title = {Improving health and economic security by reducing work schedule uncertainty},
journal = {Proceedings of the National Academy of Sciences},
volume = {118},
number = {42},
pages = {e2107828118},
year = {2021}}







@article{henly_lambert_2014,
author = {Julia R. Henly and Susan J. Lambert},
title ={Unpredictable Work Timing in Retail Jobs: Implications for Employee Work–Life Conflict},
journal = {ILR Review},
volume = {67},
number = {3},
pages = {986-1016},
year = {2014},
doi = {10.1177/0019793914537458}}

@article {Lambert218,
	author = {Lambert, Susan J. and Henly, Julia R. and Kim, Jaeseung},
	title = {Precarious Work Schedules as a Source of Economic Insecurity and Institutional Distrust},
	journal = {RSF: The Russell Sage Foundation Journal of the Social Sciences},
	volume = {5},
	number = {4},
	pages = {218--257},
	year = {2019},
	doi = {10.7758/RSF.2019.5.4.08}}
	

@article{min_wage_yiu,
	author = {Qiuping Yu and Shawn Mankad and Masha Shumko},
	title = {Evidence of The Unintended Labor Scheduling
Implications of The Minimum Wage},
	year = {2022},
	journal = {Manufacturing \& Service Operations Management}}
	
	


@article{fw_info,
author = {Sophia M. Mitchell and DeAnna Baumle and Lindsay K. Cloud},
title = {Exploring the Legal Response to
Unpredictable Scheduling Burdens
for Women in the Workplace},
journal = {Report},

year = {2021}
}














@article{fw_unintended,
author = {Larissa Petrucci and Lola Loustaunau and Ellen Scott and Lina Stepick},
title ={Persistent Unpredictability: Analyzing Experiences with the First Statewide Scheduling Legislation in Oregon},
journal = {ILR Review},
volume = {75},
number = {5},
pages = {1133-1158},
year = {2022},
doi = {10.1177/00197939211064902}}

@techreport{haley_lock,
author = {Haley-Lock, Anna and Harknett, Kristen and Harper, Shannon and Lambert, Susan and Romich, Jennifer and Schneider, Daniel},
title = {The evaluation of Seattle's Secure Scheduling Ordinance: A baseline report},
institution = {The Shift Project},
year = {2019}
}






    
@article{fisher_raman_2010,
    author = {Marshall Fisher and Ananth Raman},
    title = {The New Science of Retailing},
    journal = {Harvard Business School Press, Boston},
    year = {2010}}}



@article{fisher_2021,
author = {Fisher, Marshall and Gallino, Santiago and Netessine, Serguei},
title = {Setting Retail Staffing Levels: A Methodology Validated with Implementation},
journal = {Manufacturing \& Service Operations Management},
volume = {23},
number = {6},
pages = {1562-1579},
year = {2021},
doi = {10.1287/msom.2020.0917}}

@article{clasp_2015, 
author = {Liz Ben-Ishai
},
title = {Volatile job schedules and access to public benefit},
journal = {CLASP},
year = {2015}}




@article {ananant_emeryville,
	author = {Ananat, Elizabeth O. and Gassman-Pines, Anna and Fitz-Henley, John A.},
	title = {The Effects of the Emeryville Fair Workweek Ordinance on the Daily Lives of Low-Wage Workers and Their Families},
	journal = {RSF: The Russell Sage Foundation Journal of the Social Sciences},
	volume = {8},
	number = {5},
	pages = {45--66},
	year = {2022},
	doi = {10.7758/RSF.2022.8.5.03}
}











@article{chen2019value,
  title={The Value of Flexible Work: Evidence from Uber Drivers},
  author={Chen, M. Keith and Chevalier, Judith A. and Rossi, Peter E. and Oehlsen, Emily},
  journal={Journal of Political Economy},
  volume={127},
  number={6},
  pages={2735--2794},
  year={2019},
  publisher={University of Chicago Press}
}

@article{lamadon2022imperfect,
  title={Imperfect Competition, Compensating Differentials, and Rent Sharing in the US Labor Market},
  author={Lamadon, Thibaut and Mogstad, Magne and Setzler, Bradley},
  journal={American Economic Review},
  volume={112},
  number={1},
  pages={169--212},
  year={2022},
  publisher={American Economic Association}
}

@article{kwon2023inconsistentschedules,
  author    = {Kwon, Caleb and Raman, Ananth},
  title     = {The Effects of Inconsistent Work Schedules on Employee Lateness and Absenteeism},
  journal   = {SSRN Electronic Journal: 4592763},
  year      = {2023},
  month     = {August}
}

@article{kalleberg2000nonstandard,
  title={Nonstandard Employment Relations: Part-time, Temporary and Contract Work},
  author={Kalleberg, Arne L.},
  journal={Annual Review of Sociology},
  volume={26},
  pages={341--365},
  year={2000},
  publisher={Annual Reviews}
}

@article{schneider2021hard,
  title={Hard Times: Routine Schedule Unpredictability and Material Hardship among Service Sector Workers},
  author={Schneider, Daniel and Harknett, Kristen},
  journal={Social Forces},
  volume={99},
  number={4},
  pages={1682--1709},
  year={2021},
  publisher={Oxford University Press}
}

@book{imbens2015causal,
  title     = {Causal Inference for Statistics, Social, and Biomedical Sciences: An Introduction},
  author    = {Imbens, Guido W. and Rubin, Donald B.},
  year      = {2015},
  publisher = {Cambridge University Press},
  address   = {New York},
  isbn      = {9780521885881}
}


@article{harknett2022who,
  title={Who Cares if Parents have Unpredictable Work Schedules?: Just-in-Time Work Schedules and Child Care Arrangements},
  author={Harknett, Kristen and Schneider, Daniel and Luhr, Sigrid},
  journal={Social Problems},
  volume={69},
  number={1},
  pages={164--183},
  year={2022},
  publisher={Oxford University Press}
}

@article{kelly2011changing,
  title={Changing Workplaces to Reduce Work-Family Conflict: Schedule Control in a White-Collar Organization},
  author={Kelly, Erin L. and Moen, Phyllis and Tranby, Eric},
  journal={American Sociological Review},
  volume={76},
  number={2},
  pages={265--290},
  year={2011},
  publisher={SAGE Publications}
}


@article{lavetti2023compensating,
  title={Compensating Wage Differentials in Labor Markets: Empirical Challenges and Applications},
  author={Lavetti, Kurt},
  journal={Journal of Economic Perspectives},
  volume={37},
  number={3},
  pages={189--212},
  year={2023},
  publisher={American Economic Association}
}
